@inproceedings{DDQN,
  title={Deep Reinforcement Learning with Double Q-Learning.},
  author={Van Hasselt, Hado and Guez, Arthur and Silver, David},
  booktitle={AAAI},
  volume={2},
  pages={5},
  year={2016},
  organization={Phoenix, AZ}
}

@article{World_Models,
  author    = {David Ha and
               J{\"{u}}rgen Schmidhuber},
  title     = {World Models},
  journal   = {CoRR},
  volume    = {abs/1803.10122},
  year      = {2018},
  url       = {http://arxiv.org/abs/1803.10122},
  archivePrefix = {arXiv},
  eprint    = {1803.10122},
  timestamp = {Mon, 13 Aug 2018 16:47:30 +0200},
  biburl    = {https://dblp.org/rec/bib/journals/corr/abs-1803-10122},
  bibsource = {dblp computer science bibliography, https://dblp.org}
}

@article{DQN,
  title={Human-level control through deep reinforcement learning},
  author={Mnih, Volodymyr and Kavukcuoglu, Koray and Silver, David and Rusu, Andrei A and Veness, Joel and Bellemare, Marc G and Graves, Alex and Riedmiller, Martin and Fidjeland, Andreas K and Ostrovski, Georg and others},
  journal={Nature},
  volume={518},
  number={7540},
  pages={529},
  year={2015},
  publisher={Nature Publishing Group}
}